@book{leeSmoothManifolds,
  author      = {John M. Lee},
  year        = {2013},
  title       = {Introduction to Smooth Manifolds},
  edition     = {2},
  publisher   = {Springer New York, NY},
  doi         = {https://doi.org/10.1007/978-1-4419-9982-5},
  keywords    = {manifolds,geometry,math},
  organization= {},
  url         = {}
}

@book{morseTheory,
  author      = {John M. Lee},
  year        = {1963},
  title       = {Morse Theory},
  organization= {}
}

@online{notatkiUoCSD,
  author      = {Jim Branson},
  year        = {2012},
  title       = {The Schwarzschild Metric},
  url         = {https://hepweb.ucsd.edu/ph110b/110b_notes/node75.html},
  note        = {użyte: 12.11.2023},
  keywords    = {physics,explanation},
  organization= {}
}

@online{mleczna_droga,
  author      = { {EHT Collaboration} },
  year        = {2022},
  title       = {Milky Way Galactic Center},
  url         = {https://www.eso.org/public/images/eso2208-eht-mwa/},
  note        = {użyte: 20.11.2023},
  keywords    = {photo,milky_way},
  organization= {}
}

@book{riemannianCarmo,
  author     = {Manfredo Perdig\~ao do Carmo},
  year       = {1992},
  title      = {Riemannian geometry},
  publisher  = {Birkh\"auser Boston},
  edition    = {2},
  translator = {Francis J. Flaherty}
}

@book{generalRelWald,
  author     = {Robert M. Wald},
  title      = {General relativity},
  year       = {1984},
  publisher  = {University of Chicago Press}
}

@book{mechanics,
  author     = {Louis N. Hand, Janet D. Finch},
  year       = {1998},
  title      = {Analytical Mechanics},
  edition    = {2}, 
  publisher  = {Cambridge University Press}
}

@book{kolejnaFizyka,
  author     = {Karel F. Wakker},
  year       = {2015},
  publisher  = {Delft University of Technology},
  title      = {Fundamentals of Astrodynamics}
}
