@book{leeSmoothManifolds,
  author      = {John M. Lee},
  year        = {2013},
  title       = {Introduction to Smooth Manifolds},
  edition     = {2},
  publisher   = {Springer New York, NY},
  doi         = {https://doi.org/10.1007/978-1-4419-9982-5},
  keywords    = {manifolds,geometry,math}
}

@online{notatkiUoCSD,
  author      = {Jim Branson},
  year        = {2012},
  title       = {The Schwarzschild Metric},
  url         = {https://hepweb.ucsd.edu/ph110b/110b_notes/node75.html},
  note        = {UÅ¼yte: 12.11.2023},
  keywords    = {physics,explanation}
}


